
@book{abu2012learning,
	title = {Learning from Data: A Short Course},
	author = {Abu-Mostafa, Y.S. and Magdon-Ismail, M. and Lin, H.T.},
	isbn = {9781600490064},
	year = {2012},
	publisher = {AMLBook.com},
	keywords = {book.ml,perceptron},
}


@book{Goodfellow-et-al-2016,
    title={Deep Learning},
    author={Ian Goodfellow and Yoshua Bengio and Aaron Courville},
    publisher={MIT Press},
    url={\url{http://www.deeplearningbook.org}},
    year={2016}
}

@book{gelmanbda04,
  added-at = {2009-10-28T04:42:52.000+0100},
  author = {Gelman, Andrew and Carlin, John B. and Stern, Hal S. and Rubin, Donald B.},
  biburl = {https://www.bibsonomy.org/bibtex/2f7d7012c81d89965db2cfedf698f53c7/jwbowers},
  citeulike-article-id = {106919},
  date-added = {2007-09-03 22:45:16 -0500},
  date-modified = {2007-09-03 22:45:16 -0500},
  edition = {2nd ed.},
  interhash = {9c5f4ce8c45003080aa52ac74eb4c78c},
  intrahash = {f7d7012c81d89965db2cfedf698f53c7},
  keywords = {bayesian statistics},
  publisher = {Chapman and Hall/CRC},
  timestamp = {2009-10-28T04:43:08.000+0100},
  title = {Bayesian Data Analysis},
  year = 2004
}

@article{Bengio04,
  added-at = {2019-07-10T00:00:00.000+0200},
  author = {Bengio, Yoshua and Grandvalet, Yves},
  biburl = {https://www.bibsonomy.org/bibtex/24b675b53478cdf1b4017d87be843b52a/dblp},
  ee = {http://jmlr.org/papers/volume5/grandvalet04a/grandvalet04a.pdf},
  interhash = {c764fd765f57c23c71dc06e4ab1a5267},
  intrahash = {4b675b53478cdf1b4017d87be843b52a},
  journal = {J. Mach. Learn. Res.},
  keywords = {dblp},
  pages = {1089-1105},
  timestamp = {2019-07-11T11:41:34.000+0200},
  title = {No Unbiased Estimator of the Variance of K-Fold Cross-Validation.},
  url={\url{http://jmlr.org/papers/volume5/grandvalet04a/grandvalet04a.pdf}},
  volume = 5,
  year = 2004
}

@article{blundell2015weight,
  added-at = {2019-08-05T17:10:43.000+0200},
  author = {Blundell, Charles and Cornebise, Julien and Kavukcuoglu, Koray and Wierstra, Daan},
  biburl = {https://www.bibsonomy.org/bibtex/2aea5857fcf936abb5b80af67750d3e5b/kirk86},
  description = {[1505.05424] Weight Uncertainty in Neural Networks},
  interhash = {4aef7d870702dabf572366c6f33c5a58},
  intrahash = {aea5857fcf936abb5b80af67750d3e5b},
  keywords = {uncertainty},
  note = {cite arxiv:1505.05424Comment: In Proceedings of the 32nd International Conference on Machine  Learning (ICML 2015)},
  timestamp = {2019-08-05T17:10:43.000+0200},
  title = {Weight Uncertainty in Neural Networks},
  url = {\url{http://arxiv.org/abs/1505.05424}},
  year = 2015
}

@book{stigler1986history,
  title={The History of Statistics: The Measurement of Uncertainty Before 1900},
  author={Stigler, S.M.},
  isbn={9780674403413},
  lccn={85030499},
  series={Belknap Series},
  year={1986},
  publisher={Harvard University Press}
}

@book{wackerly02,
  added-at = {2008-04-30T12:59:47.000+0200},
  author = {Wackerly, Dennis D. and III, William Mendenhall and Scheaffer, Richard L.},
  biburl = {https://www.bibsonomy.org/bibtex/2bd2a32725e205cb47075fbab989a22a3/kdubiq},
  description = {KDubiq Blueprint},
  edition = {sixth edition},
  groupsearch = {0},
  interhash = {5a0333f64ff85e8f4fd02c03908c6395},
  intrahash = {bd2a32725e205cb47075fbab989a22a3},
  keywords = {imported},
  publisher = {Duxbury Advanced Series},
  timestamp = {2008-04-30T13:00:30.000+0200},
  title = {Mathematical Statistics with Applications},
  year = 2002
}

@book{hastie01statisticallearning,
  added-at = {2008-05-16T16:17:42.000+0200},
  address = {New York, NY, USA},
  author = {Hastie, Trevor and Tibshirani, Robert and Friedman, Jerome},
  biburl = {https://www.bibsonomy.org/bibtex/2f58afc5c9793fcc8ad8389824e57984c/sb3000},
  interhash = {d585aea274f2b9b228fc1629bc273644},
  intrahash = {f58afc5c9793fcc8ad8389824e57984c},
  keywords = {ml statistics},
  publisher = {Springer New York Inc.},
  series = {Springer Series in Statistics},
  timestamp = {2008-05-16T16:17:43.000+0200},
  title = {The Elements of Statistical Learning},
  year = 2001
}

@book{neal2012bayesian,
  added-at = {2017-10-13T08:37:40.000+0200},
  author = {Neal, Radford M},
  biburl = {https://www.bibsonomy.org/bibtex/20b2c2f1ca8690b134837d678dbcb817e/becker},
  interhash = {175645791f666bce9c743054e47cd24f},
  intrahash = {0b2c2f1ca8690b134837d678dbcb817e},
  keywords = {bayes bayesian nn deep learning neural network toread citedby:scholar:count:2746 citedby:scholar:timestamp:2017-10-13},
  publisher = {Springer Science \& Business Media},
  timestamp = {2017-10-13T08:37:40.000+0200},
  title = {Bayesian learning for neural networks},
  volume = 118,
  year = 1996
}

@book{bishop2007,
  added-at = {2009-06-02T09:46:22.000+0200},
  asin = {0387310738},
  author = {Bishop, Christopher M.},
  biburl = {https://www.bibsonomy.org/bibtex/2d21de30a3a67c0f9f3c96bd6eec3267a/midtiby},
  description = {Amazon.com: Pattern Recognition and Machine Learning (Information Science and Statistics): Christopher M. Bishop: Books},
  dewey = {006.4},
  ean = {9780387310732},
  edition = 1,
  interhash = {f6fec2ccd82dec0dcd63825e301662cf},
  intrahash = {d21de30a3a67c0f9f3c96bd6eec3267a},
  isbn = {0387310738},
  keywords = {algorithms machinelearning patternrecognition statistics},
  publisher = {Springer},
  timestamp = {2009-06-02T15:22:29.000+0200},
  title = {Pattern Recognition and Machine Learning (Information Science and Statistics)},
  year = 2007
}

@article{LeCunBoserDenkerEtAl89,
  added-at = {2008-09-16T23:39:07.000+0200},
  author = {LeCun, Y. and Boser, B. and Denker, J. S. and Henderson, D. and Howard, R. E. and Hubbard, W. and Jackel, L. D.},
  biburl = {https://www.bibsonomy.org/bibtex/296c98d6adbcfbbea71385179ed056128/brian.mingus},
  description = {CCNLab BibTeX},
  interhash = {f532aea0ac3d409fbcae2c9ce8d5d1a2},
  intrahash = {96c98d6adbcfbbea71385179ed056128},
  journal = {Neural Computation},
  keywords = {nnets},
  pages = {541-551},
  timestamp = {2008-09-16T23:40:31.000+0200},
  title = {Backpropagation Applied to Handwritten Zip Code Recognition},
  volume = 1,
  year = 1989
}

@incollection{bottou2008tradeoffs,
  added-at = {2010-12-16T15:30:17.000+0100},
  author = {Bottou, L\'{e}on and Bousquet, Olivier},
  biburl = {https://www.bibsonomy.org/bibtex/22afdef3741197f233d8e5ad03634d65a/naufraghi},
  booktitle = {Advances in Neural Information Processing Systems},
  description = {papers:bottou-bousquet-2008 [LÃ©on Bottou]},
  editor = {Platt, J.C. and Koller, D. and Singer, Y. and Roweis, S.},
  interhash = {ef0dcd500594f13cde2d9379c7972669},
  intrahash = {2afdef3741197f233d8e5ad03634d65a},
  keywords = {ai intelligenzaartificiale large-scale relazione2010},
  pages = {161--168},
  publisher = {NIPS Foundation (http://books.nips.cc)},
  timestamp = {2010-12-16T15:30:17.000+0100},
  title = {The Tradeoffs of Large Scale Learning},
  url = {\url{http://leon.bottou.org/papers/bottou-bousquet-2008}},
  volume = 20,
  year = 2008
}

@article{brieman_spector_1992,
 ISSN = {03067734, 17515823},
 URL = {\url{http://www.jstor.org/stable/1403680}},
 author = {Leo Breiman and Philip Spector},
 journal = {International Statistical Review / Revue Internationale de Statistique},
 number = {3},
 pages = {291--319},
 publisher = {[Wiley, International Statistical Institute (ISI)]},
 title = {Submodel Selection and Evaluation in Regression. The X-Random Case},
 volume = {60},
 year = {1992}
}

@article{kohavi_1992,
author = {Kohavi, Ron},
year = {2001},
month = {03},
pages = {},
title = {A Study of Cross-Validation and Bootstrap for Accuracy Estimation and Model Selection},
volume = {14}
}

@book{gamerman2006markov,
  title={Markov Chain Monte Carlo: Stochastic Simulation for Bayesian Inference, Second Edition},
  author={Gamerman, D. and Lopes, H.F.},
  isbn={9781584885870},
  lccn={2006044491},
  series={Chapman \& Hall/CRC Texts in Statistical Science},
  year={2006},
  publisher={Taylor \& Francis}
}

@book{turkman2019computational,
  title={Computational Bayesian Statistics: An Introduction},
  author={Turkman, M.A.A. and Paulino, C.D. and M{\"u}ller, P.},
  isbn={9781108703741},
  lccn={2019001646},
  series={Institute of Mathematical Statistics Textbooks},
  year={2019},
  publisher={Cambridge University Press}
}

@book{lawler2006introduction,
  title={Introduction to Stochastic Processes, Second Edition},
  author={Lawler, G.F.},
  isbn={9781584886518},
  lccn={2006040208},
  series={Chapman \& Hall/CRC Probability Series},
  year={2006},
  publisher={Taylor \& Francis}
}

@article{Metropolis1953,
  added-at = {2010-08-02T15:41:00.000+0200},
  author = {Metropolis, Nicholas and Rosenbluth, Arianna W. and Rosenbluth, Marshall N. and Teller, Augusta H. and Teller, Edward},
  biburl = {https://www.bibsonomy.org/bibtex/25bdc169acdc743b5f9946748d3ce587b/lopusz},
  doi = {10.1063/1.1699114},
  interhash = {b67019ed11f34441c67cc69ee5683945},
  intrahash = {5bdc169acdc743b5f9946748d3ce587b},
  journal = {The Journal of Chemical Physics},
  keywords = {MonteCarlo},
  number = 6,
  pages = {1087-1092},
  publisher = {AIP},
  timestamp = {2010-08-02T15:41:00.000+0200},
  title = {Equation of State Calculations by Fast Computing Machines},
  volume = 21,
  year = 1953
}

@article{hastings70,
  abstract = {A generalization of the sampling method introduced by Metropolis et al. (1953) is presented along with an exposition of the relevant theory, techniques of application and methods and difficulties of assessing the error in Monte Carlo estimates. Examples of the methods, including the generation of random orthogonal matrices and potential applications of the methods to numerical problems arising in statistics, are discussed.
},
  added-at = {2009-05-22T23:03:45.000+0200},
  author = {Hastings, W. K.},
  biburl = {https://www.bibsonomy.org/bibtex/2f636b3c2026f71ad7f4f6352c2175d80/mboley},
  description = {Origin of Hasting's generalization of Metropolis' algorithm.},
  doi = {10.1093/biomet/57.1.97},
  eprint = {http://biomet.oxfordjournals.org/cgi/reprint/57/1/97.pdf},
  interhash = {d8daa18a6f782f1b2e01071c453f7b4e},
  intrahash = {f636b3c2026f71ad7f4f6352c2175d80},
  journal = {Biometrika},
  keywords = {markovChains},
  number = 1,
  pages = {97-109},
  timestamp = {2009-05-22T23:03:45.000+0200},
  title = {Monte Carlo sampling methods using Markov chains and their applications},
  url = {\url{http://biomet.oxfordjournals.org/cgi/content/abstract/57/1/97}},
  volume = 57,
  year = 1970
}

@misc{betancourt2017conceptual,
  added-at = {2018-07-31T09:20:14.000+0200},
  author = {Betancourt, Michael},
  biburl = {https://www.bibsonomy.org/bibtex/20ec2b7706245822e493920256fe82203/analyst},
  interhash = {ff53d1978dff557f7b1866080fb89fc7},
  intrahash = {0ec2b7706245822e493920256fe82203},
  keywords = {2017 arxiv mcmc paper sampling simulation},
  note = {arxiv:1701.02434},
  timestamp = {2018-07-31T09:20:14.000+0200},
  title = {A Conceptual Introduction to Hamiltonian Monte Carlo},
  url = {\url{http://arxiv.org/abs/1701.02434}},
  year = 2017
}

@article{neal2012mcmc,
  author = {Neal, Radford M.},
  description = {[1206.1901] MCMC using Hamiltonian dynamics},
  interhash = {798032c2508f0107f56aca51b6414bfa},
  intrahash = {a89dd65871d4dc3b2f94ba950b76d87d},
  keywords = {mcmc sampling stats},
  timestamp = {2019-10-15T23:58:38.000+0200},
  title = {MCMC using Hamiltonian dynamics},
  url = {\url{http://arxiv.org/abs/1206.1901}},
  year = 2012
}

@article{Duane1987216,
  added-at = {2009-04-13T13:17:23.000+0200},
  author = {Duane, Simon and Kennedy, A. D. and Pendleton, Brian J. and Roweth, Duncan},
  biburl = {https://www.bibsonomy.org/bibtex/254b1c26b36f9c8a833153a78748a049f/gber},
  description = {ScienceDirect - Physics Letters B : Hybrid Monte Carlo},
  doi = {DOI: 10.1016/0370-2693(87)91197-X},
  interhash = {65f0469e34e74def745a331703f25333},
  intrahash = {54b1c26b36f9c8a833153a78748a049f},
  issn = {0370-2693},
  journal = {Physics Letters B},
  keywords = {Fermions HMC Lattice},
  number = 2,
  pages = {216 - 222},
  timestamp = {2009-04-13T13:17:23.000+0200},
  title = {Hybrid Monte Carlo},
  url={\url{https://www.sciencedirect.com/science/article/abs/pii/037026938791197X}},
  volume = 195,
  year = 1987
}

@article{hoffman2011nouturn,
      title={The No-U-Turn Sampler: Adaptively Setting Path Lengths in Hamiltonian Monte Carlo}, 
      author={Matthew D. Hoffman and Andrew Gelman},
      year={2011},
      eprint={1111.4246},
      archivePrefix={arXiv},
      primaryClass={stat.CO},
      url= {\url{https://arxiv.org/abs/1111.4246}}
}

@article{ADVI,
      title={Automatic Differentiation Variational Inference}, 
      author={Alp Kucukelbir and Dustin Tran and Rajesh Ranganath and Andrew Gelman and David M. Blei},
      year={2016},
      eprint={1603.00788},
      archivePrefix={arXiv},
      primaryClass={stat.ML},
      url={\url{https://arxiv.org/abs/1603.00788}}
}

@article{charnock2020bayesian,
      title={Bayesian Neural Networks}, 
      author={Tom Charnock and Laurence Perreault-Levasseur and FranÃ§ois Lanusse},
      year={2020},
      eprint={2006.01490},
      archivePrefix={arXiv},
      primaryClass={stat.ML},
      url={\url{https://arxiv.org/abs/2006.01490}}
}

@article{BISHOP1997,
   title = {{Bayesian Neural Networks}},
   journal = {{Journal of the Brazilian Computer Society}},
   author={Bishop, Christopher M.},
   ISSN = {0104-6500},
   language = {en},
   volume = {4},
   year = {1997},
   month = {07},
   publisher = {scielo},
   URL ={\url{https://www.scielo.br/scielo.php?script=sci_arttext&pid=S0104-65001997000200006}},
   }
   
@article{Rumelhart:1986a,
  author = {Rumelhart, David E. and Hinton, Geoffrey E. and Williams, Ronald J.},
  biburl = {https://www.bibsonomy.org/bibtex/2a392597c4f9cff2cd3c96c2191fa1eb6/sxkdz},
  doi = {10.1038/323533a0},
  interhash = {c354bc293fa9aa7caffc66d40a014903},
  intrahash = {a392597c4f9cff2cd3c96c2191fa1eb6},
  journal = {Nature},
  keywords = {imported},
  number = 6088,
  pages = {533--536},
  timestamp = {2019-05-21T10:10:49.000+0200},
  title = {{Learning Representations by Back-propagating Errors}},
  volume = 323,
  year = 1986
}

@article{Cauchy1847,
  author = {Cauchy, M. Augustine},
  journal = {Comptes Rendus Hebd. Seances Acad. Sci.},
  number = 25,
  pages = {536â-538.},
  volume = 383,
  title = {{MÃ©thode gÃ©nÃ©rale pour la rÃ©solution des systÃ¨mes d'Ã©quations simultanÃ©es}},
  year = 1847
}

@inproceedings{sutton1986,
  added-at = {2008-02-26T11:58:58.000+0100},
  author = {Sutton, Richard S.},
  biburl = {https://www.bibsonomy.org/bibtex/2c6102b6afaca7b482f471c196364c2be/schaul},
  booktitle = {{P}roceedings of the Eighth Annual Conference of the Cognitive Science Society},
  citeulike-article-id = {2379404},
  description = {idsia},
  interhash = {b64b1b7fa1df359b59c0daf96b30c462},
  intrahash = {c6102b6afaca7b482f471c196364c2be},
  key = {COGSCI},
  keywords = {nn},
  priority = {2},
  publisher = {Hillsdale, NJ: Erlbaum},
  timestamp = {2008-02-26T12:02:08.000+0100},
  title = {Two Problems with Backpropagation and Other Steepest-Descent Learning Procedures for Networks},
  year = 1986
}

@article{duchi2011adaptive,
  added-at = {2017-12-30T09:55:39.000+0100},
  author = {Duchi, John and Hazan, Elad and Singer, Yoram},
  biburl = {https://www.bibsonomy.org/bibtex/2f548fa2a3cb4881b968ec3a06dd8c49c/leerooy},
  interhash = {d2bb1dcfcc9549a93e0b1f0dd8d23cf9},
  intrahash = {f548fa2a3cb4881b968ec3a06dd8c49c},
  journal = {Journal of Machine Learning Research},
  keywords = {},
  number = {Jul},
  pages = {2121--2159},
  timestamp = {2017-12-30T09:55:39.000+0100},
  title = {Adaptive subgradient methods for online learning and stochastic optimization},
  volume = 12,
  year = 2011,
}

@misc{Tieleman_Hinton2012,
  author        = {Tieleman, T. and Hinton, G.},
  title         = {Lecture 6.5-rmsprop: Divide the Gradient by a Running Average of Its Recent Magnitude},
  year          = {2012},
  publisher={COURSERA: Neural Networks for Machine Learning, 4, 26-31}
}

@article{Kingma_Ba_2015,
  added-at = {2021-04-20T18:22:49.000+0200},
  author = {Kingma, Diederik P. and Ba, Jimmy},
  biburl = {https://www.bibsonomy.org/bibtex/23b0328784dbfce338ba0dd2618a7a059/ghagerer},
  ee = {http://arxiv.org/abs/1412.6980},
  interhash = {57d2ac873f398f21bb94790081e80394},
  intrahash = {3b0328784dbfce338ba0dd2618a7a059},
  journal = {International Conference on Learning Representations},
  keywords = {adam optimizers},
  timestamp = {2021-04-20T18:22:49.000+0200},
  title = {Adam: A Method for Stochastic Optimization.},
  url = {\url{https://arxiv.org/pdf/1412.6980.pdf}},
  volume = {1--13},
  year = 2015
}


@article{VI,
  added-at = {2019-06-15T02:19:38.000+0200},
  author = {Blei, David M. and Kucukelbir, Alp and McAuliffe, Jon D.},
  keywords = {bayesian probability stats},
  timestamp = {2019-06-15T02:19:52.000+0200},
  title = {Variational Inference: A Review for Statisticians},
  url = {\url{https://arxiv.org/abs/1601.00670}},
  year = 2018
}

@article{HARRISON197881,
title = {Hedonic housing prices and the demand for clean air},
journal = {Journal of Environmental Economics and Management},
volume = {5},
number = {1},
pages = {81-102},
year = {1978},
issn = {0095-0696},
url = {\url{https://www.sciencedirect.com/science/article/pii/0095069678900062}},
author = {David Harrison and Daniel L Rubinfeld},
}

@article{Yeh2009TheCO,
  title={The comparisons of data mining techniques for the predictive accuracy of probability of default of credit card clients},
  author={I. Yeh and Che-hui Lien},
  journal={Expert Syst. Appl.},
  year={2009},
  volume={36},
  pages={2473-2480}
}

@article{MacKay1991,
    author = {MacKay, David J.C. },
    title = {Bayesian Methods for Adaptive Models},
    year = {1991},
}

@article{MacKay1992,
    author = {MacKay, David J.C. },
    title = {A Practical Bayesian Framework for Backpropagation
Networks },
    year = {1992},
}

@article{lemoine2019,
author = {Lemoine, Nathan P.},
title = {Moving beyond noninformative priors: why and how to choose weakly informative priors in Bayesian analyses},
journal = {Oikos},
volume = {128},
number = {7},
pages = {912-928},
keywords = {Bayesian statistics, frequentist statistics, Markov chain Monte Carlo, vague priors},
doi = {https://doi.org/10.1111/oik.05985},
url = {\url{https://onlinelibrary.wiley.com/doi/pdf/10.1111/oik.05985}},
year = {2019}
}

@inproceedings{sarma_kay2020,
author = {Sarma, Abhraneel and Kay, Matthew},
title = {Prior Setting in Practice: Strategies and Rationales Used in Choosing Prior Distributions for Bayesian Analysis},
year = {2020},
isbn = {9781450367080},
publisher = {Association for Computing Machinery},
address = {New York, NY, USA},
url = {\url{https://doi.org/10.1145/3313831.3376377}},
doi = {10.1145/3313831.3376377},
booktitle = {Proceedings of the 2020 CHI Conference on Human Factors in Computing Systems},
pages = {1â12},
numpages = {12},
keywords = {bayesian inference, prior distributions, descriptive analysis},
location = {Honolulu, HI, USA},
series = {CHI '20}
}

@article{buntine_weigend1991,
  title={Bayesian Back-Propagation},
  author={Wray L. Buntine and A. Weigend},
  journal={Complex Syst.},
  year={1991},
  volume={5}
}

 @article{feng, url={\url{https://chi-feng.github.io/mcmc-demo/}}, 
 title={The Markov-chain Monte Carlo Interactive Gallery}, author={Feng, Chi},
 note= {\\The MIT License (MIT).
Copyright \textcopyright  2016 Chi Feng: {\scriptsize 
\textit{Permission is hereby granted, free of charge, to any person obtaining a copy
of this software and associated documentation files (the "Software"), to deal
in the Software without restriction, including without limitation the rights
to use, copy, modify, merge, publish, distribute, sublicense, and/or sell
copies of the Software, and to permit persons to whom the Software is
furnished to do so, subject to the following conditions: The above copyright notice and this permission notice shall be included in all
copies or substantial portions of the Software.
The software is provided "as is", without warranty of any kind, express or
implied, including but not limited to the warranties of merchantability,
fitness for a particular purpose and noninfringement. in no event shall the
authors or copyright holders be liable for any claim, damages or other
liability, whether in an action of contract, tort or otherwise, arising from,
out of or in connection with the software or the use or other dealings in the
software.}}},
 year ={2016},
 } 

@article{bishop1995,
author = {Chirstopher Bishop},
title = {Regularization and Complexity Control in Feed-forward Networks},
year = {1995},
month = {January},
publisher = {EC2 et Cie},
pages = {141-148},
volume = {1},
}

@article{sjoberg_ljung1995,
title = {Overtraining, Regularization, and Searching for Minimum in Neural Networks},
journal = {IFAC Proceedings Volumes},
volume = {25},
number = {14},
pages = {73-78},
year = {1992},
note = {4th IFAC Symposium on Adaptive Systems in Control and Signal Processing 1992, Grenoble, France, 1-3 July},
issn = {1474-6670},
url = {\url{https://www.sciencedirect.com/science/article/pii/S1474667017507156}},
author = {J. SjÃ¶berg and L. Ljung},
}


@article{neal_slice_sampling,
  author = {Neal, Radford M},
  doi = {10.1214/aos/1056562461},
  file = {:euclid.aos.1056562461.pdf:PDF},
  interhash = {d99735da4fa9a9b62c9274ceb3c211fe},
  intrahash = {da6c8a1b65f44a6fe92c0f7bb4a237a7},
  journal = {The Annals of Statistics},
  keywords = {imported},
  number = 3,
  pages = {705--767},
  timestamp = {2019-03-04T22:29:38.000+0100},
  title = {Slice Sampling},
  volume = 31,
  year = 2003
}

% Nishio, M., Arakawa, A. Performance of Hamiltonian Monte Carlo and No-U-Turn Sampler for estimating genetic parameters and breeding values. Genet Sel Evol 51, 73 (2019). https://doi.org/10.1186/s12711-019-0515-1

@article{nishio_arakawa_nouturn,
  TITLE = {{Performance of Hamiltonian Monte Carlo and No-U-Turn Sampler for estimating genetic parameters and breeding values}},
  AUTHOR = {Nishio, Motohide and Arakawa, Aisaku},
  URL = {\url{https://hal.archives-ouvertes.fr/hal-02405175}},
  JOURNAL = {{Genetics Selection Evolution}},
  PUBLISHER = {{BioMed Central}},
  VOLUME = {51},
  NUMBER = {1},
  PAGES = {73},
  YEAR = {2019},
  MONTH = Dec,
  DOI = {10.1186/s12711-019-0515-1},
  PDF = {https://hal.archives-ouvertes.fr/hal-02405175/file/12711_2019_Article_515.pdf},
  HAL_ID = {hal-02405175},
  HAL_VERSION = {v1},
}

@article{srivastava2014dropout,
  added-at = {2017-01-28T20:14:22.000+0100},
  author = {Srivastava, Nitish and Hinton, Geoffrey E. and Krizhevsky, Alex and Sutskever, Ilya and Salakhutdinov, Ruslan},
  biburl = {https://www.bibsonomy.org/bibtex/24a1dac2f78b37c1f374a8228b0e272aa/hprop},
  interhash = {bdad866eb5fd8994c2aeae46af6def20},
  intrahash = {4a1dac2f78b37c1f374a8228b0e272aa},
  journal = {Journal of Machine Learning Research},
  keywords = {dropout machine-learning neural-networks regularization},
  number = 1,
  pages = {1929-1958},
  timestamp = {2017-01-28T20:31:22.000+0100},
  title = {Dropout: a simple way to prevent neural networks from overfitting.},
  volume = 15,
  year = 2014
}


@article{imbalane_danquah2020,
      title={Handling Imbalanced Data: A Case Study for Binary Class Problems}, 
      author={Richmond Addo Danquah},
      year={2020},
      eprint={2010.04326},
      archivePrefix={arXiv},
      primaryClass={stat.ML}
}

@book{zhou_ensemble,
author = {Zhou, Zhi-Hua},
publisher = {CRC Press},
year = {2012},
month = {06},
title = {Ensemble Methods: Foundations and Algorithms},
volume = {14},
isbn = {9781439830031},
journal = {Ensemble Methods: Foundations and Algorithms},
}

@article{Cybenko1989,
  added-at = {2020-09-10T00:00:00.000+0200},
  author = {Cybenko, George},
  ee = {https://www.wikidata.org/entity/Q56532755},
  interhash = {96aecb02daa11041489259a8edb54070},
  intrahash = {3939efdf3c5dc5d414f6b8b10695daf4},
  journal = {Math. Control. Signals Syst.},
  keywords = {dblp},
  number = 4,
  pages = {303-314},
  timestamp = {2020-09-11T11:42:31.000+0200},
  title = {Approximation by superpositions of a sigmoidal function.},
  volume = 2,
  year = 1989
}

@article{Funahashi1989,
title = {On the approximate realization of continuous mappings by neural networks},
journal = {Neural Networks},
volume = {2},
number = {3},
pages = {183-192},
year = {1989},
issn = {0893-6080},
url = {\url{https://www.sciencedirect.com/science/article/pii/0893608089900038}},
author = {Ken-Ichi Funahashi}
}

@misc{mc_dropout,
      title={Dropout as a Bayesian Approximation: Representing Model Uncertainty in Deep Learning},
      author={Yarin Gal and Zoubin Ghahramani},
      year={2016},
      url = {\url{https://arxiv.org/abs/1506.02142}}
}